<?xml version="1.0" encoding="UTF-8"?><record xmlns="http://www.loc.gov/MARC21/slim" xmlns:cinclude="http://apache.org/cocoon/include/1.0" xmlns:zs="http://www.loc.gov/zing/srw/">
  <leader>00439nz  a2200121n  4500</leader>
  <controlfield tag="001">n  00005656 </controlfield>
  <controlfield tag="003">DLC</controlfield>
  <controlfield tag="005">20000803121757.0</controlfield>
  <controlfield tag="008">000803n| acannaabn          |n aaa      </controlfield>
  <datafield tag="010" ind1=" " ind2=" ">
    <subfield code="a">n  00005656 </subfield>
  </datafield>
  <datafield tag="040" ind1=" " ind2=" ">
    <subfield code="a">DLC</subfield>
    <subfield code="b">eng</subfield>
    <subfield code="c">DLC</subfield>
  </datafield>
  <datafield tag="100" ind1="1" ind2=" ">
    <subfield code="a">Hawlitschek, Kurt,</subfield>
    <subfield code="d">1926-</subfield>
  </datafield>
  <datafield tag="670" ind1=" " ind2=" ">
    <subfield code="a">Hawlitschek, Kurt. Johann Faulhaber 1580-1635, 1995:</subfield>
    <subfield code="b">t.p. (Kurt Hawlitschek) jkt. (b. 1926 ikn Reichenau bei MaĚhrisch TruĚbau; Gymnasialprofessor am Schubart-Gymnasium)</subfield>
  </datafield>
</record>